<?xml version="1.0" encoding="UTF-8"?><collection xmlns="http://www.loc.gov/MARC21/slim"><record><leader>00573nam--2200193-u-4500</leader><controlfield tag="001">000052983</controlfield><controlfield tag="002">20161230</controlfield><controlfield tag="005">20161230201050</controlfield><controlfield tag="008">101217s1000------------r-----000-0-rus-d</controlfield><datafield ind1=" " ind2=" " tag="040"><subfield code="a">IFIN-HH</subfield></datafield><datafield ind1=" " ind2=" " tag="041"><subfield code="a">rus</subfield></datafield><datafield ind1=" " ind2=" " tag="080"><subfield code="a">535.374</subfield></datafield><datafield ind1="1" ind2=" " tag="100"><subfield code="a">Demtroder, W</subfield></datafield><datafield ind1="1" ind2="0" tag="245"><subfield code="a">Lazernaia spektroskopia;</subfield><subfield code="b">Osnovnie printipi i tehnika eksperimenta</subfield><subfield code="c">W. demtroder</subfield></datafield><datafield ind1=" " ind2=" " tag="260"><subfield code="a">Moskva</subfield><subfield code="b">Nauka</subfield><subfield code="c">1983</subfield></datafield><datafield ind1=" " ind2=" " tag="300"><subfield code="a">603P</subfield></datafield><datafield ind1=" " ind2=" " tag="500"><subfield code="a">Titlul original in limba engleza: LASER SEPCTROSCOPY; BASIC CONCEPTS AND INSTRUMENTATION</subfield></datafield><datafield ind1=" " ind2=" " tag="852"><subfield code="a">73650</subfield><subfield code="c">535.33</subfield></datafield><datafield ind1=" " ind2=" " tag="CAT"><subfield code="a">Sys</subfield><subfield code="c">20101217</subfield><subfield code="h">114634</subfield></datafield></record></collection>